<record xmlns="http://www.loc.gov/MARC21/slim" xmlns:xsi="http://www.w3.org/2001/XMLSchema-instance" xsi:schemaLocation="http://www.loc.gov/MARC21/slim http://www.loc.gov/standards/marcxml/schema/MARC21slim.xsd"><leader>     nam a22        4500</leader><controlfield tag="001">3071097</controlfield><controlfield tag="003">NNC</controlfield><controlfield tag="006">m        d        </controlfield><controlfield tag="007">cr cn |||m|||a</controlfield><controlfield tag="008">150316s1945    ua      o     000 0 arard</controlfield><datafield ind1=" " ind2=" " tag="040"><subfield code="a">NNU</subfield><subfield code="b">eng</subfield><subfield code="e">rda</subfield><subfield code="c">NNU</subfield></datafield><datafield ind1=" " ind2="4" tag="050"><subfield code="a">B753.G34</subfield><subfield code="b">S8</subfield></datafield><datafield ind1="1" ind2=" " tag="100"><subfield code="6">880-01</subfield><subfield code="a">Suru&#772;r, T&#803;a&#772;ha&#772; &#699;Abd al-Ba&#772;qi&#772;. </subfield></datafield><datafield ind1="1" ind2="3" tag="245"><subfield code="6">880-02</subfield><subfield code="a">al-Ghazza&#772;li&#772; /</subfield><subfield code="c">[t&#700;ali&#772;f] T&#803;a&#772;ha&#772; &#699;Abd al-Ba&#772;qi&#772; Suru&#772;r.</subfield></datafield><datafield ind1=" " ind2=" " tag="260"><subfield code="6">880-03</subfield><subfield code="a">[Mis&#803;r] :</subfield><subfield code="b">Da&#772;r al-Ma&#699;a&#772;rif, </subfield><subfield code="c">[1945]</subfield></datafield><datafield ind1=" " ind2=" " tag="300"><subfield code="a">online resource (141 pages.)</subfield></datafield><datafield ind1=" " ind2=" " tag="336"><subfield code="a">text</subfield><subfield code="2">rdacontent</subfield></datafield><datafield ind1=" " ind2=" " tag="337"><subfield code="a">computer</subfield><subfield code="2">rdamedia</subfield></datafield><datafield ind1=" " ind2=" " tag="338"><subfield code="a">online resource</subfield><subfield code="2">rdacarrier</subfield></datafield><datafield ind1="1" ind2=" " tag="490"><subfield code="6">880-04</subfield><subfield code="a">Iqra&#700;,</subfield><subfield code="v">31</subfield></datafield><datafield ind1=" " ind2=" " tag="500"><subfield code="a">Part of the Arabic Collections Online (ACO) project, contributed by Columbia University Libraries.</subfield></datafield><datafield ind1=" " ind2=" " tag="533"><subfield code="a">Electronic reproduction.</subfield><subfield code="b">New York, N.Y. :</subfield><subfield code="c">New York University,</subfield><subfield code="d">2015.</subfield><subfield code="5">NNU</subfield></datafield><datafield ind1="0" ind2="0" tag="600"><subfield code="6">880-05</subfield><subfield code="a">Ghazza&#772;li&#772;,</subfield><subfield code="d">1058-1111.</subfield></datafield><datafield ind1="0" ind2="7" tag="600"><subfield code="a">Ghazza&#772;li&#772;,</subfield><subfield code="d">1058-1111</subfield><subfield code="2">fast</subfield><subfield code="0">(OCoLC)fst00095924</subfield></datafield><datafield ind1="2" ind2=" " tag="710"><subfield code="a">Columbia University.</subfield><subfield code="b">Libraries.</subfield></datafield><datafield ind1="0" ind2=" " tag="730"><subfield code="a">Arabic Collections Online.</subfield></datafield><datafield ind1="0" ind2="8" tag="776"><subfield code="i">Online version:</subfield><subfield code="a">Suru&#772;r, T&#803;a&#772;ha&#772; &#699;Abd al-Ba&#772;qi&#772;.</subfield><subfield code="t">Ghazza&#772;li&#772;.</subfield><subfield code="d">[Mis&#803;r] Da&#772;r al-Ma&#699;a&#772;rif [1945]</subfield><subfield code="w">(OCoLC)705955170</subfield></datafield><datafield ind1="0" ind2="8" tag="776"><subfield code="i">Print version:</subfield><subfield code="a">Suru&#772;r, T&#803;a&#772;ha&#772; &#699;Abd al-Ba&#772;qi&#772;.</subfield><subfield code="t">al-Ghazza&#772;li&#772;</subfield><subfield code="w">(NNC)3071097</subfield><subfield code="w">(OCoLC)27143129</subfield></datafield><datafield ind1=" " ind2="0" tag="830"><subfield code="6">880-06</subfield><subfield code="a">Iqra&#700; ;</subfield><subfield code="v">31.</subfield></datafield><datafield ind1="4" ind2="0" tag="856"><subfield code="u">http://hdl.handle.net/2333.1/n5tb2tp0</subfield></datafield><datafield ind1="1" ind2=" " tag="880"><subfield code="6">100-01/r</subfield><subfield code="a">&#1587;&#1585;&#1608;&#1585;&#1548; &#1591;&#1607; &#1593;&#1576;&#1583; &#1575;&#1604;&#1576;&#1575;&#1602;&#1610;. </subfield></datafield><datafield ind1="1" ind2="2" tag="880"><subfield code="6">245-02/r</subfield><subfield code="a">&#1575;&#1604;&#1594;&#1586;&#1575;&#1604;&#1610; /</subfield><subfield code="c">[&#1578;&#1571;&#1604;&#1610;&#1601;] &#1591;&#1607; &#1593;&#1576;&#1583; &#1575;&#1604;&#1576;&#1575;&#1602;&#1610; &#1587;&#1585;&#1608;&#1585;.</subfield></datafield><datafield ind1=" " ind2=" " tag="880"><subfield code="6">260-03/r</subfield><subfield code="a">[&#1605;&#1589;&#1585;] :</subfield><subfield code="b">&#1583;&#1575;&#1585; &#1575;&#1604;&#1605;&#1593;&#1575;&#1585;&#1601;&#1548; </subfield><subfield code="c">[1945]</subfield></datafield><datafield ind1="1" ind2=" " tag="880"><subfield code="6">490-04/r</subfield><subfield code="a">&#1575;&#1602;&#1585;&#1571;&#1548;</subfield><subfield code="v">31</subfield></datafield><datafield ind1="0" ind2="0" tag="880"><subfield code="6">600-05/r</subfield><subfield code="a">&#1594;&#1586;&#1575;&#1604;&#1610;&#1548;</subfield><subfield code="d">1058-1111.</subfield></datafield><datafield ind1=" " ind2="0" tag="880"><subfield code="6">830-06/r</subfield><subfield code="a">&#1575;&#1602;&#1585;&#1571; &#1563;</subfield><subfield code="v">31.</subfield></datafield><datafield ind1=" " ind2=" " tag="959"><subfield code="a">NNU</subfield><subfield code="b">WEB</subfield><subfield code="c">GENI</subfield><subfield code="t">0</subfield><subfield code="m">Electronic access</subfield><subfield code="s">01</subfield></datafield><datafield ind1=" " ind2=" " tag="999"><subfield code="i">NNC_3071097</subfield><subfield code="o">(OCoLC)ocm27143129</subfield><subfield code="e">(ERROR-880)</subfield><subfield code="s">columbia_aco000232</subfield></datafield></record>